% Encoding: UTF-8

% !!! Зверніть увагу, як заповнюється  джерела, в яких авторів більше ніж один !!!
% !!! Кома після прізвища, а після ініціалів ключове слово "and" !!!

% Книги

@misc{telegramSecurityAnalysis,
  author       = {MTPsym},
  title        = {Security Analysis of Telegram (Symmetric Part)},
  year         = {2024},
  howpublished = {\url{https://mtpsym.github.io/}},
  note         = {Accessed: 2024-11-21}
}

@misc{cavoukian_privacy_by_design,
  author       = {Ann Cavoukian},
  title        = {Privacy by Design: The 7 Foundational Principles},
  year         = {2011},
  url          = {https://privacy.ucsc.edu/resources/privacy-by-design---foundational-principles.pdf},
  note         = {Accessed: 2024-11-30}
}

@misc{telegram_mtproto1,
  author       = {{Telegram}},
  title        = {MTProto Mobile Protocol Documentation},
  year         = {2024},
  url          = {https://core.telegram.org/mtproto},
  note         = {Accessed: 2024-11-30}
}

@misc{telegram_mtproto2,
  author       = {{Telegram}},
  title        = {End-to-End Encryption API Documentation},
  year         = {2024},
  url          = {https://core.telegram.org/api/end-to-end},
  note         = {Accessed: 2024-11-30}
}

@misc{telegram_mtproto2_video_calls,
  author       = {{Telegram}},
  title        = {End-to-End Encryption for Video Calls Documentation},
  year         = {2024},
  url          = {https://core.telegram.org/api/end-to-end/video-calls},
  note         = {Accessed: 2024-11-30}
}

@inproceedings{miculan2021mtproto_v2,
  author       = {Marino Miculan and Nicola Vitacolonna},
  title        = {Automated Symbolic Verification of Telegram's MTProto 2.0},
  booktitle    = {Proceedings of the 18th International Conference on Security and Cryptography, SECRYPT 2021},
  year         = {2021},
  pages        = {185--197},
  publisher    = {SCITEPRESS},
  isbn         = {978-989-758-524-1},
  doi          = {10.5220/0010549601850197},
  eprint       = {2012.03141v2},
  archivePrefix = {arXiv},
  primaryClass = {cs.CR},
  url          = {https://arxiv.org/abs/2012.03141v2},
  note         = {Accessed: 2024-11-30},
}

@misc{viber_encryption_overview,
  title        = {Viber Encryption Overview},
  author       = {{Viber Media S.à r.l.}},
  year         = {n.d.},
  url          = {https://www.viber.com/app/uploads/Viber-Encryption-Overview.pdf},
  note         = {Accessed: 2024-12-30}
}

@misc{viber_end_to_end_encryption,
  title        = {End-to-end encryption in chats},
  author       = {{Viber Media S.à r.l.}},
  year         = {n.d.},
  url          = {https://help.viber.com/hc/en-us/articles/8909167863453-End-to-end-encryption-in-chats},
  note         = {Accessed: 2024-12-30}
}

@online{hackread2025viber,
  author       = {HackRead Staff},
  title        = {Hackers Claim to Have Stolen 740GB of Data from Viber Messaging App},
  year         = {2025},
  url          = {https://hackread.com/hackers-claim-740gb-of-data-viber-messaging-app/},
  urldate      = {2025-01-02},
  note         = {Accessed: 2025-01-02}
}

@misc{whatsapp_business,
  author       = "{WhatsApp Business}",
  title        = "{WhatsApp Business Platform}",
  howpublished = "\url{https://business.whatsapp.com/}",
  note         = "Accessed: 2025-01-04"
}

@misc{libsignal_protocol_java,
  author       = "{Signal Foundation}",
  title        = "{libsignal-protocol-java: Signal Protocol Implementation in Java}",
  howpublished = "\url{https://github.com/signalapp/libsignal-protocol-java}",
  note         = "Accessed: 2025-01-04"
}

@misc{libsignal_rust,
  author       = "{Signal Foundation}",
  title        = "{libsignal: Signal Protocol Library}",
  howpublished = "\url{https://github.com/signalapp/libsignal}",
  note         = {Home to the Signal Protocol as well as other cryptographic primitives which make Signal possible. Accessed: 2025-01-04}
}

@misc{whatsapp2024encryption,
  title={WhatsApp Encryption Overview: Technical white paper},
  author={WhatsApp},
  year={2024},
  version={8},
  month={August 19},
  howpublished={\url{https://www.whatsapp.com/security/WhatsApp-Security-Whitepaper.pdf}}
}

@misc{nemkovich2023whatsapp,
  title={Побудова атак на протокол реєстрацiї супутнього пристрою в WhatsApp},
  author={Немкович, Ольга Михайлівна},
  year={2023},
  howpublished={\url{https://ela.kpi.ua/items/e6faa995-b1f0-44ea-9b21-ca2a99cdc035}},
  note={Advisor: Фесенко, Андрій Вячеславович}
}

@misc{moxie02016whatsapp,
  title={WhatsApp's Signal Protocol integration is now complete},
  author={moxie0},
  year={2016},
  month={April 5},
  howpublished={\url{https://signal.org/blog/whatsapp-complete/}},
  note={Accessed: 2025-01-04}
}

@article{cohn2020formal,
  title={A Formal Security Analysis of the Signal Messaging Protocol},
  author={Katriel Cohn-Gordon and Cas Cremers and Benjamin Dowling and Luke Garratt and Douglas Stebila},
  journal={Journal of Cryptology},
  year={2020},
  doi={10.1007/s00145-020-09360-1},
  url={https://doi.org/10.1007/s00145-020-09360-1},
  note={Received 8 November 2017 / Revised 4 June 2020}
}

@misc{davies2023security,
  title={Security Analysis of the WhatsApp End-to-End Encrypted Backup Protocol},
  author={Gareth T. Davies and Sebastian Faller and Kai Gellert and Tobias Handirk and Julia Hesse and Máté Horváth and Tibor Jager},
  year={2023},
  howpublished={\url{https://eprint.iacr.org/2023/843.pdf}},
  note={Accessed: 2025-01-04}
}

@article{alhameed2018whatsapp,
  title={Whatsapp Security},
  author={Mazin Riyadh AL-Hameed},
  journal={International Journal of Science and Research (IJSR)},
  volume={7},
  number={11},
  year={2018},
  issn={2319-7064},
  url={https://www.ijsr.net/archive/v7i11/ART20192911.pdf},
  note={Licensed Under Creative Commons Attribution CC BY},
  abstract={This Paper discuss the WhatsApp Security & end-to-end encryption, also a brief of encryption keys (Private/Public) is included with the way to exclude these keys, also a way to attack WhatsApp conversation using Private key is mentioned}
}

@misc{bogos2023security,
  title={A security analysis comparison between Signal, WhatsApp and Telegram},
  author={Corina-Elena Bogos and Razvan Mocanu and Emil Simion},
  year={2023},
  howpublished={\url{https://eprint.iacr.org/2023/071.pdf}},
  note={Accessed: 2025-01-04}
}

@misc{li2016whatsapp,
  title={WhatsApp Security Paper Analysis},
  author={Calvin Li and Daniel Sanchez and Sean Hua},
  year={2016},
  howpublished={\url{https://courses.csail.mit.edu/6.857/2016/files/36.pdf}},
  note={Accessed: 2025-01-04}
}

@misc{cohn-gordon2016formal,
  title={A Formal Security Analysis of the Signal Messaging Protocol},
  author={Katriel Cohn-Gordon and Cas Cremers and Benjamin Dowling and Luke Garratt and Douglas Stebila},
  year={2016},
  howpublished={\url{https://eprint.iacr.org/2016/1013}},
  note={Accessed: 2025-01-04}
}

@misc{perrin2016xeddsa,
  title={The XEdDSA and VXEdDSA Signature Schemes},
  author={Trevor Perrin (editor)},
  year={2016},
  month={October 20},
  howpublished={\url{https://signal.org/docs/specifications/xeddsa/}},
  note={Revision 1, [PDF]}
}

@misc{marlinspike2016x3dh,
  title={The X3DH Key Agreement Protocol},
  author={Moxie Marlinspike and Trevor Perrin (editor)},
  year={2016},
  month={November 4},
  howpublished={\url{https://signal.org/docs/specifications/x3dh/}},
  note={Revision 1, [PDF]}
}

@misc{kret2023pqxdh,
  title={The PQXDH Key Agreement Protocol},
  author={Ehren Kret and Rolfe Schmidt},
  year={2023},
  month={May 24},
  howpublished={\url{https://signal.org/docs/specifications/pqxdh/}},
  note={Revision 3, Last Updated: 2024-01-23, [PDF]}
}

@misc{perrin2016doubleratchet,
  title={The Double Ratchet Algorithm},
  author={Trevor Perrin (editor) and Moxie Marlinspike},
  year={2016},
  month={November 20},
  howpublished={\url{https://signal.org/docs/specifications/doubleratchet/}},
  note={Revision 1, [PDF]}
}

@misc{marlinspike2017sesame,
  title={The Sesame Algorithm: Session Management for Asynchronous Message Encryption},
  author={Moxie Marlinspike and Trevor Perrin (editor)},
  year={2017},
  month={April 14},
  howpublished={\url{https://signal.org/docs/specifications/sesame/}},
  note={Revision 2, [PDF]}
}