% Encoding: UTF-8

% !!! Зверніть увагу, як заповнюється  джерела, в яких авторів більше ніж один !!!
% !!! Кома після прізвища, а після ініціалів ключове слово "and" !!!

% Книги

@book{kushner2013stochastic,
  title={Stochastic Approximation and Recursive Algorithms and Applications},
  author={Kushner, Harold J. and Yin, G. George},
  edition={2},
  year={2003},
  publisher={Springer}
}

@article{gao1999model,
  title={Model-based adaptive fault detection for a class of uncertain nonlinear systems},
  author={Gao, Zhiqiang and Patton, Ronald J},
  journal={Sadhana},
  volume={24},
  number={4-5},
  pages={425--452},
  year={1999},
  publisher={Springer}
}

@article{fed-autoreg,
  title={Autoregressive Models for Time-Series Analysis},
  author={Federal Reserve Bank of San Francisco},
  journal={Economic Letter},
  volume={2014},
  number={14},
  pages={1--6},
  year={2014}}
}

@book{koski2001hidden,
  title={Hidden Markov Models for Bioinformatics},
  author={Koski, D. Timo},
  year={2001},
  pages={83--365},
  publisher={CRC Press},
  address={Boca Raton, FL}
}

@book{nilsson2005first,
  title={First Order Hidden Markov Model: Theory and Implementation Issues},
  author={Mikael Nilsson},
  pages={24--33},
  year={2005}
}